<?xml version="1.0" encoding="UTF-8"?>
  <record xmlns="http://www.loc.gov/MARC21/slim" type="Authority">
    <leader>00000nz  a2200000nc 4500</leader>
    <controlfield tag="001">100958656</controlfield>
    <controlfield tag="003">DE-101</controlfield>
    <controlfield tag="005">20220604102745.0</controlfield>
    <controlfield tag="008">910104n||azznnaabn           | aaa    |c</controlfield>
    <datafield tag="024" ind1="7" ind2=" ">
      <subfield code="a">100958656</subfield>
      <subfield code="0">http://d-nb.info/gnd/100958656</subfield>
      <subfield code="2">gnd</subfield>
    </datafield>
    <datafield tag="035" ind1=" " ind2=" ">
      <subfield code="a">(DE-101)100958656</subfield>
    </datafield>
    <datafield tag="035" ind1=" " ind2=" ">
      <subfield code="a">(DE-588)100958656</subfield>
    </datafield>
    <datafield tag="035" ind1=" " ind2=" ">
      <subfield code="z">(DE-588a)100958656</subfield>
      <subfield code="9">v:zg</subfield>
    </datafield>
    <datafield tag="035" ind1=" " ind2=" ">
      <subfield code="z">(DE-588c)4746265-6</subfield>
      <subfield code="9">v:zg</subfield>
    </datafield>
    <datafield tag="040" ind1=" " ind2=" ">
      <subfield code="a">DE-12</subfield>
      <subfield code="c">DE-12</subfield>
      <subfield code="9">r:DE-12</subfield>
      <subfield code="b">ger</subfield>
      <subfield code="d">1210</subfield>
    </datafield>
    <datafield tag="042" ind1=" " ind2=" ">
      <subfield code="a">gnd1</subfield>
    </datafield>
    <datafield tag="043" ind1=" " ind2=" ">
      <subfield code="c">XA-IT</subfield>
    </datafield>
    <datafield tag="065" ind1=" " ind2=" ">
      <subfield code="a">12.2p</subfield>
      <subfield code="2">sswd</subfield>
    </datafield>
    <datafield tag="075" ind1=" " ind2=" ">
      <subfield code="b">p</subfield>
      <subfield code="2">gndgen</subfield>
    </datafield>
    <datafield tag="075" ind1=" " ind2=" ">
      <subfield code="b">piz</subfield>
      <subfield code="2">gndspec</subfield>
    </datafield>
    <datafield tag="079" ind1=" " ind2=" ">
      <subfield code="a">g</subfield>
      <subfield code="q">a</subfield>
      <subfield code="q">f</subfield>
      <subfield code="q">n</subfield>
      <subfield code="q">s</subfield>
      <subfield code="u">v</subfield>
      <subfield code="u">o</subfield>
    </datafield>
    <datafield tag="100" ind1="1" ind2=" ">
      <subfield code="a">Pomponius Laetus, Iulius</subfield>
      <subfield code="d">1428-1497</subfield>
    </datafield>
    <datafield tag="375" ind1=" " ind2=" ">
      <subfield code="a">1</subfield>
      <subfield code="2">iso5218</subfield>
    </datafield>
    <datafield tag="400" ind1="1" ind2=" ">
      <subfield code="a">Pomponius, Julius</subfield>
      <subfield code="d">1428-1497</subfield>
      <subfield code="9">v:(VD-16)</subfield>
    </datafield>
    <datafield tag="400" ind1="1" ind2=" ">
      <subfield code="a">Sanseverino, Giulio</subfield>
      <subfield code="d">1428-1497</subfield>
    </datafield>
    <datafield tag="400" ind1="1" ind2=" ">
      <subfield code="a">Leto, Giulio Pomponio</subfield>
      <subfield code="d">1428-1497</subfield>
      <subfield code="9">v:LCAuth</subfield>
    </datafield>
    <datafield tag="400" ind1="1" ind2=" ">
      <subfield code="a">Laetus, Iulius P.</subfield>
      <subfield code="d">1428-1497</subfield>
    </datafield>
    <datafield tag="400" ind1="1" ind2=" ">
      <subfield code="a">Letus, Pomponius</subfield>
      <subfield code="d">1428-1497</subfield>
    </datafield>
    <datafield tag="400" ind1="1" ind2=" ">
      <subfield code="a">Laetus, Poeponius</subfield>
      <subfield code="d">1428-1497</subfield>
    </datafield>
    <datafield tag="400" ind1="0" ind2=" ">
      <subfield code="a">Iulius</subfield>
      <subfield code="c">Pomponius Laetus</subfield>
      <subfield code="d">1428-1497</subfield>
    </datafield>
    <datafield tag="400" ind1="1" ind2=" ">
      <subfield code="a">Pomponius, Iulius L.</subfield>
      <subfield code="d">1428-1497</subfield>
    </datafield>
    <datafield tag="400" ind1="1" ind2=" ">
      <subfield code="a">Pomponius, Iulius</subfield>
      <subfield code="d">1428-1497</subfield>
    </datafield>
    <datafield tag="400" ind1="1" ind2=" ">
      <subfield code="a">Pomponius Sabinus, Iulius</subfield>
      <subfield code="d">1428-1497</subfield>
    </datafield>
    <datafield tag="400" ind1="1" ind2=" ">
      <subfield code="a">Leto, Giulio B.</subfield>
      <subfield code="d">1428-1497</subfield>
    </datafield>
    <datafield tag="400" ind1="1" ind2=" ">
      <subfield code="a">Sabinus, Julius P.</subfield>
      <subfield code="d">1428-1497</subfield>
    </datafield>
    <datafield tag="400" ind1="0" ind2=" ">
      <subfield code="a">Pomponio</subfield>
      <subfield code="c">Leto</subfield>
      <subfield code="d">1428-1497</subfield>
    </datafield>
    <datafield tag="400" ind1="0" ind2=" ">
      <subfield code="a">Pomponius</subfield>
      <subfield code="c">Letus</subfield>
      <subfield code="d">1428-1497</subfield>
    </datafield>
    <datafield tag="400" ind1="1" ind2=" ">
      <subfield code="a">Laetus Pomponius, Iulius</subfield>
      <subfield code="d">1428-1497</subfield>
    </datafield>
    <datafield tag="400" ind1="0" ind2=" ">
      <subfield code="a">Pomponius</subfield>
      <subfield code="d">1428-1497</subfield>
    </datafield>
    <datafield tag="400" ind1="1" ind2=" ">
      <subfield code="a">Pomponius, Sabinus</subfield>
      <subfield code="d">1428-1497</subfield>
    </datafield>
    <datafield tag="400" ind1="1" ind2=" ">
      <subfield code="a">Fortunatus, Julius</subfield>
      <subfield code="d">1428-1497</subfield>
    </datafield>
    <datafield tag="400" ind1="1" ind2=" ">
      <subfield code="a">Fortunatus, Pomponius Iunius</subfield>
      <subfield code="d">1428-1497</subfield>
    </datafield>
    <datafield tag="400" ind1="1" ind2=" ">
      <subfield code="a">Fortunatus, Pomponius Junius</subfield>
      <subfield code="d">1428-1497</subfield>
    </datafield>
    <datafield tag="400" ind1="1" ind2=" ">
      <subfield code="a">Calaber, Petrus</subfield>
      <subfield code="d">1428-1497</subfield>
    </datafield>
    <datafield tag="400" ind1="0" ind2=" ">
      <subfield code="a">Sabinus</subfield>
      <subfield code="d">1428-1497</subfield>
    </datafield>
    <datafield tag="400" ind1="1" ind2=" ">
      <subfield code="a">Pomponius Laetus, Julius</subfield>
      <subfield code="d">1428-1497</subfield>
    </datafield>
    <datafield tag="400" ind1="0" ind2=" ">
      <subfield code="a">Giulio</subfield>
      <subfield code="c">Sanseverino</subfield>
      <subfield code="d">1428-1497</subfield>
    </datafield>
    <datafield tag="400" ind1="1" ind2=" ">
      <subfield code="a">Pomponio Leto, Giulio</subfield>
      <subfield code="d">1428-1497</subfield>
    </datafield>
    <datafield tag="400" ind1="1" ind2=" ">
      <subfield code="a">Leto, Giulio P.</subfield>
      <subfield code="d">1428-1497</subfield>
    </datafield>
    <datafield tag="400" ind1="1" ind2=" ">
      <subfield code="a">Leto, Pomponio</subfield>
      <subfield code="d">1428-1497</subfield>
    </datafield>
    <datafield tag="400" ind1="1" ind2=" ">
      <subfield code="a">Laetus, Julius Pomponius</subfield>
      <subfield code="d">1428-1497</subfield>
    </datafield>
    <datafield tag="400" ind1="1" ind2=" ">
      <subfield code="a">Laetus, Pomponius</subfield>
      <subfield code="d">1428-1497</subfield>
    </datafield>
    <datafield tag="400" ind1="0" ind2=" ">
      <subfield code="a">Giulio</subfield>
      <subfield code="c">Pomponio Leto</subfield>
      <subfield code="d">1428-1497</subfield>
    </datafield>
    <datafield tag="400" ind1="1" ind2=" ">
      <subfield code="a">Pomponius Moderatus, Iulius</subfield>
      <subfield code="d">1428-1497</subfield>
    </datafield>
    <datafield tag="400" ind1="1" ind2=" ">
      <subfield code="a">Sabinus, Pomponius</subfield>
      <subfield code="d">1428-1497</subfield>
    </datafield>
    <datafield tag="400" ind1="1" ind2=" ">
      <subfield code="a">Laetus, Julius P.</subfield>
      <subfield code="d">1428-1497</subfield>
    </datafield>
    <datafield tag="400" ind1="0" ind2=" ">
      <subfield code="a">Pomponius</subfield>
      <subfield code="c">Laetus</subfield>
      <subfield code="d">1428-1497</subfield>
    </datafield>
    <datafield tag="400" ind1="1" ind2=" ">
      <subfield code="a">Sabinus, Julius Pomponius</subfield>
      <subfield code="d">1428-1497</subfield>
    </datafield>
    <datafield tag="400" ind1="1" ind2=" ">
      <subfield code="a">Pomponius Fortunatus, Julius</subfield>
      <subfield code="d">1428-1497</subfield>
    </datafield>
    <datafield tag="400" ind1="1" ind2=" ">
      <subfield code="a">Laetus Pomponius, Julius</subfield>
      <subfield code="d">1428-1497</subfield>
    </datafield>
    <datafield tag="400" ind1="0" ind2=" ">
      <subfield code="a">Julius Pomponius Fortunatus</subfield>
      <subfield code="d">1428-1497</subfield>
    </datafield>
    <datafield tag="500" ind1="1" ind2=" ">
      <subfield code="0">(DE-101)119650444</subfield>
      <subfield code="0">(DE-588)119650444</subfield>
      <subfield code="0">https://d-nb.info/gnd/119650444</subfield>
      <subfield code="a">Cuspidius, Lucius</subfield>
      <subfield code="4">pseu</subfield>
      <subfield code="4">https://d-nb.info/standards/elementset/gnd#pseudonym</subfield>
      <subfield code="w">r</subfield>
      <subfield code="i">Pseudonym</subfield>
      <subfield code="e">Pseudonym</subfield>
    </datafield>
    <datafield tag="500" ind1="1" ind2=" ">
      <subfield code="a">Barlandus, Hadrianus Cornelius</subfield>
      <subfield code="4">beza</subfield>
      <subfield code="4">https://d-nb.info/standards/elementset/gnd#acquaintanceshipOrFriendship</subfield>
      <subfield code="w">r</subfield>
      <subfield code="i">Bekanntschaft</subfield>
      <subfield code="e">Bekanntschaft</subfield>
      <subfield code="9">v:VD-16 Mitverf.</subfield>
    </datafield>
    <datafield tag="500" ind1="1" ind2=" ">
      <subfield code="a">Fabricius, Georg</subfield>
      <subfield code="4">beza</subfield>
      <subfield code="4">https://d-nb.info/standards/elementset/gnd#acquaintanceshipOrFriendship</subfield>
      <subfield code="w">r</subfield>
      <subfield code="i">Bekanntschaft</subfield>
      <subfield code="e">Bekanntschaft</subfield>
      <subfield code="9">v:VD-16 Mitverf.</subfield>
    </datafield>
    <datafield tag="500" ind1="1" ind2=" ">
      <subfield code="a">Servius, Maurus Honoratus</subfield>
      <subfield code="4">beza</subfield>
      <subfield code="4">https://d-nb.info/standards/elementset/gnd#acquaintanceshipOrFriendship</subfield>
      <subfield code="w">r</subfield>
      <subfield code="i">Bekanntschaft</subfield>
      <subfield code="e">Bekanntschaft</subfield>
      <subfield code="9">v:VD-16 Mitverf.</subfield>
    </datafield>
    <datafield tag="500" ind1="1" ind2=" ">
      <subfield code="a">Virgilius Maro, Publius</subfield>
      <subfield code="4">beza</subfield>
      <subfield code="4">https://d-nb.info/standards/elementset/gnd#acquaintanceshipOrFriendship</subfield>
      <subfield code="w">r</subfield>
      <subfield code="i">Bekanntschaft</subfield>
      <subfield code="e">Bekanntschaft</subfield>
      <subfield code="9">v:VD-16 Mitverf.</subfield>
    </datafield>
    <datafield tag="500" ind1="1" ind2=" ">
      <subfield code="a">Victor, Publius</subfield>
      <subfield code="4">beza</subfield>
      <subfield code="4">https://d-nb.info/standards/elementset/gnd#acquaintanceshipOrFriendship</subfield>
      <subfield code="w">r</subfield>
      <subfield code="i">Bekanntschaft</subfield>
      <subfield code="e">Bekanntschaft</subfield>
      <subfield code="9">v:VD-16 Mitverf.</subfield>
    </datafield>
    <datafield tag="500" ind1="1" ind2=" ">
      <subfield code="0">(DE-101)118793454</subfield>
      <subfield code="0">(DE-588)118793454</subfield>
      <subfield code="0">https://d-nb.info/gnd/118793454</subfield>
      <subfield code="a">Probus, Marcus Valerius</subfield>
      <subfield code="d">ca. 20/30-105</subfield>
      <subfield code="4">beza</subfield>
      <subfield code="4">https://d-nb.info/standards/elementset/gnd#acquaintanceshipOrFriendship</subfield>
      <subfield code="w">r</subfield>
      <subfield code="i">Bekanntschaft</subfield>
      <subfield code="e">Bekanntschaft</subfield>
      <subfield code="9">v:VD-16 Mitverf.</subfield>
    </datafield>
    <datafield tag="500" ind1="1" ind2=" ">
      <subfield code="0">(DE-101)119873303</subfield>
      <subfield code="0">(DE-588)119873303</subfield>
      <subfield code="0">https://d-nb.info/gnd/119873303</subfield>
      <subfield code="a">Wölflin, Sigmund</subfield>
      <subfield code="4">beza</subfield>
      <subfield code="4">https://d-nb.info/standards/elementset/gnd#acquaintanceshipOrFriendship</subfield>
      <subfield code="w">r</subfield>
      <subfield code="i">Bekanntschaft</subfield>
      <subfield code="e">Bekanntschaft</subfield>
      <subfield code="9">v:VD-16 Mitverf.</subfield>
    </datafield>
    <datafield tag="500" ind1="1" ind2=" ">
      <subfield code="0">(DE-101)118687182</subfield>
      <subfield code="0">(DE-588)118687182</subfield>
      <subfield code="0">https://d-nb.info/gnd/118687182</subfield>
      <subfield code="a">Philelphus, Franciscus</subfield>
      <subfield code="d">1398-1481</subfield>
      <subfield code="4">beza</subfield>
      <subfield code="4">https://d-nb.info/standards/elementset/gnd#acquaintanceshipOrFriendship</subfield>
      <subfield code="w">r</subfield>
      <subfield code="i">Bekanntschaft</subfield>
      <subfield code="e">Bekanntschaft</subfield>
      <subfield code="9">v:VD-16 Mitverf.</subfield>
    </datafield>
    <datafield tag="500" ind1="1" ind2=" ">
      <subfield code="0">(DE-101)120539896</subfield>
      <subfield code="0">(DE-588)120539896</subfield>
      <subfield code="0">https://d-nb.info/gnd/120539896</subfield>
      <subfield code="a">Bonfini, Matteo</subfield>
      <subfield code="d">1441-</subfield>
      <subfield code="4">beza</subfield>
      <subfield code="4">https://d-nb.info/standards/elementset/gnd#acquaintanceshipOrFriendship</subfield>
      <subfield code="w">r</subfield>
      <subfield code="i">Bekanntschaft</subfield>
      <subfield code="e">Bekanntschaft</subfield>
      <subfield code="9">v:VD-16 Mitverf.</subfield>
    </datafield>
    <datafield tag="500" ind1="1" ind2=" ">
      <subfield code="0">(DE-101)119161702</subfield>
      <subfield code="0">(DE-588)119161702</subfield>
      <subfield code="0">https://d-nb.info/gnd/119161702</subfield>
      <subfield code="a">Donatus, Tiberius Claudius</subfield>
      <subfield code="d">ca. 4./5. Jh.</subfield>
      <subfield code="4">beza</subfield>
      <subfield code="4">https://d-nb.info/standards/elementset/gnd#acquaintanceshipOrFriendship</subfield>
      <subfield code="w">r</subfield>
      <subfield code="i">Bekanntschaft</subfield>
      <subfield code="e">Bekanntschaft</subfield>
      <subfield code="9">v:VD-16 Mitverf.</subfield>
    </datafield>
    <datafield tag="548" ind1=" " ind2=" ">
      <subfield code="a">1428-1497</subfield>
      <subfield code="4">datl</subfield>
      <subfield code="4">https://d-nb.info/standards/elementset/gnd#dateOfBirthAndDeath</subfield>
      <subfield code="w">r</subfield>
      <subfield code="i">Lebensdaten</subfield>
    </datafield>
    <datafield tag="550" ind1=" " ind2=" ">
      <subfield code="0">(DE-101)040457907</subfield>
      <subfield code="0">(DE-588)4045790-4</subfield>
      <subfield code="0">https://d-nb.info/gnd/4045790-4</subfield>
      <subfield code="a">Philosoph</subfield>
      <subfield code="4">berc</subfield>
      <subfield code="4">https://d-nb.info/standards/elementset/gnd#professionOrOccupation</subfield>
      <subfield code="w">r</subfield>
      <subfield code="i">Charakteristischer Beruf</subfield>
    </datafield>
    <datafield tag="550" ind1=" " ind2=" ">
      <subfield code="0">(DE-101)041607775</subfield>
      <subfield code="0">(DE-588)4160777-6</subfield>
      <subfield code="0">https://d-nb.info/gnd/4160777-6</subfield>
      <subfield code="a">Humanist</subfield>
      <subfield code="4">beru</subfield>
      <subfield code="4">https://d-nb.info/standards/elementset/gnd#professionOrOccupation</subfield>
      <subfield code="w">r</subfield>
      <subfield code="i">Beruf</subfield>
    </datafield>
    <datafield tag="667" ind1=" " ind2=" ">
      <subfield code="a">12-PMA</subfield>
    </datafield>
    <datafield tag="667" ind1=" " ind2=" ">
      <subfield code="a">7</subfield>
    </datafield>
    <datafield tag="667" ind1=" " ind2=" ">
      <subfield code="a">12</subfield>
    </datafield>
    <datafield tag="667" ind1=" " ind2=" ">
      <subfield code="a">384</subfield>
    </datafield>
    <datafield tag="667" ind1=" " ind2=" ">
      <subfield code="a">VD-16</subfield>
    </datafield>
    <datafield tag="667" ind1=" " ind2=" ">
      <subfield code="a">VD-17</subfield>
    </datafield>
    <datafield tag="667" ind1=" " ind2=" ">
      <subfield code="a">"Lucius Cuspidius" ist kein von Pomponius selbst verwendetes Pseudonym, der Titel "Ex reliquiis venerandae antiquitatis testamentum" erschien erstmals 1532 hrsg. von François Rabelais (1494?-1553); die eigentliche Verfasserschaft wurde erst nachträglich entdeckt</subfield>
    </datafield>
    <datafield tag="670" ind1=" " ind2=" ">
      <subfield code="a">CSGL; LMA,VII,90; Tusculum</subfield>
    </datafield>
    <datafield tag="670" ind1=" " ind2=" ">
      <subfield code="a">LCAuth</subfield>
    </datafield>
    <datafield tag="672" ind1=" " ind2="0">
      <subfield code="a">In omnia ... Virgilii opera commentarii</subfield>
      <subfield code="f">1544</subfield>
    </datafield>
    <datafield tag="672" ind1=" " ind2="0">
      <subfield code="a">De magistratibus et sacerdotiis et praeterea de diversis legibu*. - [ca. 1530]</subfield>
    </datafield>
    <datafield tag="672" ind1=" " ind2="0">
      <subfield code="a">De magistratibus et sacerdotiis, et praeterea de diversis legib*</subfield>
      <subfield code="f">1523</subfield>
    </datafield>
    <datafield tag="672" ind1=" " ind2="0">
      <subfield code="a">De magistratibus et sacerdotiis, et praeterea de diversis legib*</subfield>
      <subfield code="f">1532</subfield>
    </datafield>
    <datafield tag="672" ind1=" " ind2="0">
      <subfield code="a">De magistratibus et sacerdotiis, et praeterea de diversis legib*</subfield>
      <subfield code="f">1535</subfield>
    </datafield>
    <datafield tag="672" ind1=" " ind2="0">
      <subfield code="a">De magistratibus et sacerdotiis, et praeterea de diversis legib*</subfield>
      <subfield code="f">1538</subfield>
    </datafield>
    <datafield tag="672" ind1=" " ind2="0">
      <subfield code="a">De magistratibus et sacerdotiis, et praeterea de diversis legib*</subfield>
      <subfield code="f">1543</subfield>
    </datafield>
    <datafield tag="672" ind1=" " ind2="0">
      <subfield code="a">De magistratibus et sacerdotiis, praeterea de diversis legibus *</subfield>
      <subfield code="f">1546</subfield>
    </datafield>
    <datafield tag="672" ind1=" " ind2="0">
      <subfield code="a">De magistratibus et sacerdotiis, praeterea de diversis legibus *</subfield>
      <subfield code="f">1549</subfield>
    </datafield>
    <datafield tag="672" ind1=" " ind2="0">
      <subfield code="a">De magistratibus et sacerdotiis, praeterea de diversis legibus *</subfield>
      <subfield code="f">1555</subfield>
    </datafield>
    <datafield tag="672" ind1=" " ind2="0">
      <subfield code="a">Pomponius, Julius: POMPONII LAETI LIBELLVS DE ROMANORVM MAGISTRATIBVS. EIVSDEM DE SACERDOTIIS RO. EIVSDEM DE ... 1525. (VD16 P 4161)</subfield>
    </datafield>
    <datafield tag="672" ind1=" " ind2="0">
      <subfield code="a">Pomponius, Julius: De Romanorum magistratibus libellus. 1566. (VD16 P 4169)</subfield>
    </datafield>
    <datafield tag="672" ind1=" " ind2="0">
      <subfield code="a">Pomponius, Julius: OPERA POMPONII LAETI. Romanae historiae compendium, ab interitu Gordiani Iunioris vs\[que] ad ... 1510. (VD16 P 4146)</subfield>
    </datafield>
    <datafield tag="672" ind1=" " ind2="0">
      <subfield code="a">Pomponius, Julius: De magistratibus urbis et sacerdotiis et de legibus. 1522. (VD16 P 4159)</subfield>
    </datafield>
    <datafield tag="672" ind1=" " ind2="0">
      <subfield code="a">Oldendorp, Johannes: Variarum lectionum libri ad iuris civilis interpretationem ... 1575. (VD16 ZV 23039)</subfield>
    </datafield>
    <datafield tag="672" ind1=" " ind2="0">
      <subfield code="a">Pomponius, Julius: Opera. 1510. (VD16 ZV 7939)</subfield>
    </datafield>
    <datafield tag="672" ind1=" " ind2="0">
      <subfield code="a">Virgilius Maro, Publius: P. VERGILII MAROnis Opera, quae quidem extant, omnia: CVM VERIS IN BVCOLICA, GEORGICA, &amp; ... 1561. (VD16 V 1365)</subfield>
    </datafield>
    <datafield tag="672" ind1=" " ind2="0">
      <subfield code="a">Virgilius Maro, Publius: P. VERGILII MAROnis Opera, quae quidem extant, omnia: CVM VERIS IN BVCOLICA, GEORGICA, &amp; ... 1575. (VD16 V 1377)</subfield>
    </datafield>
    <datafield tag="672" ind1=" " ind2="0">
      <subfield code="a">Pomponius, Julius: De magistratibus urbis et sacerdotiis et de legibus, Ausz. 1533. (VD16 ZV 12658)</subfield>
    </datafield>
    <datafield tag="680" ind1=" " ind2=" ">
      <subfield code="a">Der Titel "Ex reliquiis venerandae antiquitatis testamentum" siehe unter dem Pseudonym</subfield>
    </datafield>
    <datafield tag="913" ind1=" " ind2=" ">
      <subfield code="S">pnd</subfield>
      <subfield code="i">a</subfield>
      <subfield code="a">Pomponius Laetus, Iulius</subfield>
      <subfield code="0">(DE-588a)100958656</subfield>
    </datafield>
  </record>
